@article{arora,
   author = {Arora, Sanjeev and Hazan, Elad and Kale, Satyen},
   title = {The multiplicative weights update method: a meta-algorithm and applications},
   journal = {Theory of Computing},
   volume = {8},
   number = {1},
   pages = {121-164},
   ISSN = {1557-2862},
   year = {2012},
   type = {Journal Article}
}

@article{ding-li-jordan,
   author = {Ding, Chris HQ and Li, Tao and Jordan, Michael I},
   title = {Convex and semi-nonnegative matrix factorizations},
   journal = {IEEE transactions on pattern analysis and machine intelligence},
   volume = {32},
   number = {1},
   pages = {45-55},
   ISSN = {0162-8828},
   year = {2008},
   type = {Journal Article}
}

@inproceedings{du-li-shen,
   author = {Du, L. and Li, X. and Shen, Y.},
   title = {Robust Nonnegative Matrix Factorization via Half-Quadratic Minimization},
   booktitle = {2012 IEEE 12th International Conference on Data Mining},
   pages = {201-210},
   ISBN = {2374-8486},
   DOI = {10.1109/ICDM.2012.39},
   type = {Conference Proceedings}
}

@article{fevotte-idier,
   author = {FÃ©votte, C. and Idier, J.},
   title = {Algorithms for Nonnegative Matrix Factorization with the Beta-Divergence},
   journal = {Neural Computation},
   volume = {23},
   number = {9},
   pages = {2421-2456},
   ISSN = {0899-7667},
   DOI = {10.1162/NECO_a_00168},
   year = {2011},
   type = {Journal Article}
}

@article{finesso-spreij,
   author = {Finesso, Lorenzo and Spreij, Peter},
   title = {Nonnegative matrix factorization and I-divergence alternating minimization},
   journal = {Linear Algebra and its Applications},
   volume = {416},
   number = {2},
   pages = {270-287},
   ISSN = {0024-3795},
   DOI = {https://doi.org/10.1016/j.laa.2005.11.012},
   url = {http://www.sciencedirect.com/science/article/pii/S0024379505005665},
   year = {2006},
   type = {Journal Article}
}

@article{geman-chengda,
   author = {Geman, D. and Chengda, Yang},
   title = {Nonlinear image recovery with half-quadratic regularization},
   journal = {IEEE Transactions on Image Processing},
   volume = {4},
   number = {7},
   pages = {932-946},
   ISSN = {1941-0042},
   DOI = {10.1109/83.392335},
   year = {1995},
   type = {Journal Article}
}

@book{RN9,
   author = {Gillis, Nicolas and Hien, Le and Leplat, Valentin and Tan, Vincent},
   title = {Distributionally Robust and Multi-Objective Nonnegative Matrix Factorization},
   year = {2019},
   type = {Book}
}

@article{RN12,
   author = {Hoyer, Patrik O},
   title = {Non-negative matrix factorization with sparseness constraints},
   journal = {Journal of machine learning research},
   volume = {5},
   number = {Nov},
   pages = {1457-1469},
   year = {2004},
   type = {Journal Article}
}

@inproceedings{lee-seung,
   author = {Lee, Daniel D and Seung, H Sebastian},
   title = {Algorithms for non-negative matrix factorization},
   booktitle = {Advances in neural information processing systems},
   pages = {556-562},
   type = {Conference Proceedings}
}

@article{liu-pokharel-principe,
   author = {Liu, Weifeng and Pokharel, Puskal and Principe, Jose},
   title = {Correntropy: Properties and Applications in Non-Gaussian Signal Processing},
   journal = {Signal Processing, IEEE Transactions on},
   volume = {55},
   pages = {5286-5298},
   DOI = {10.1109/TSP.2007.896065},
   year = {2007},
   type = {Journal Article}
}

@article{luo-peng-fan,
   author = {Luo, Peng and Peng, Jinye and Fan, Jianping},
   title = {L2, 1 Norm and Hessian Regularized Non-Negative Matrix Factorization with Discriminability for Data Representation},
   journal = {Applied Sciences},
   volume = {7},
   number = {10},
   pages = {1013},
   year = {2017},
   type = {Journal Article}
}

@article{marques-maciel-naviner-cai-yang,
   author = {Marques, Elaine and Maciel, Nilson and Naviner, L. and Cai, Hao and Yang, Jun},
   title = {A Review of Sparse Recovery Algorithms},
   journal = {IEEE Access},
   volume = {PP},
   pages = {1-1},
   DOI = {10.1109/ACCESS.2018.2886471},
   year = {2018},
   type = {Journal Article}
}

@article{nikolova-chan,
   author = {Nikolova, M. and Chan, R. H.},
   title = {The Equivalence of Half-Quadratic Minimization and the Gradient Linearization Iteration},
   journal = {IEEE Transactions on Image Processing},
   volume = {16},
   number = {6},
   pages = {1623-1627},
   ISSN = {1941-0042},
   DOI = {10.1109/TIP.2007.896622},
   year = {2007},
   type = {Journal Article}
}

@article{RN3,
   author = {Principe, Jose C. and Xu, Dongxin and Zhao, Qun and Fisher, John W.},
   title = {Learning from Examples with Information Theoretic Criteria},
   journal = {Journal of VLSI signal processing systems for signal, image and video technology},
   volume = {26},
   number = {1},
   pages = {61-77},
   ISSN = {0922-5773},
   DOI = {10.1023/A:1008143417156},
   url = {https://doi.org/10.1023/A:1008143417156},
   year = {2000},
   type = {Journal Article}
}

@article{shen-zhang-lan-liao-luo,
   author = {Shen, Xingyu and Zhang, Xiang and Lan, Long and Liao, Qing and Luo, Zhigang},
   title = {Another robust NMF: Rethinking the hyperbolic tangent function and locality constraint},
   journal = {IEEE Access},
   volume = {7},
   pages = {31089-31102},
   ISSN = {2169-3536},
   year = {2019},
   type = {Journal Article}
}

@article{RN1,
   author = {Wang, Jim Jing-Yan and Wang, Xiaolei and Gao, Xin},
   title = {Non-negative matrix factorization by maximizing correntropy for cancer clustering},
   journal = {BMC bioinformatics},
   volume = {14},
   pages = {107-107},
   ISSN = {1471-2105},
   DOI = {10.1186/1471-2105-14-107},
   url = {https://pubmed.ncbi.nlm.nih.gov/23522344
https://www.ncbi.nlm.nih.gov/pmc/articles/PMC3659102/},
   year = {2013},
   type = {Journal Article}
}

@article{wang-zhang,
   author = {Wang, Yu-Xiong and Zhang, Yu-Jin},
   title = {Nonnegative matrix factorization: A comprehensive review},
   journal = {IEEE Transactions on Knowledge and Data Engineering},
   volume = {25},
   number = {6},
   pages = {1336-1353},
   ISSN = {1041-4347},
   year = {2012},
   type = {Journal Article}
}

@inproceedings{yang-zhang-yang-zhang,
   author = {Yang, M. and Zhang, L. and Yang, J. and Zhang, D.},
   title = {Robust sparse coding for face recognition},
   booktitle = {CVPR 2011},
   pages = {625-632},
   ISBN = {1063-6919},
   DOI = {10.1109/CVPR.2011.5995393},
   type = {Conference Proceedings}
}

@book{RN6,
   author = {Yang, Zhirong and Zhang, He and Yuan, Zhijian and Oja, Erkki},
   title = {Kullback-Leibler Divergence for Nonnegative Matrix Factorization},
   volume = {6791},
   pages = {250-257},
   ISBN = {978-3-642-21734-0},
   DOI = {10.1007/978-3-642-21735-7_31},
   year = {2011},
   type = {Book}
}

@book{noise,
   author = {Alan C. Bovik},
   title = {Handbook of Image and Video Processing},
   publisher = {Academic Press},
   ISBN = {0-12-119792-1},
   year = {2005},
   type = {Book}
}

@unpublished{gaussian,
   author = {Philippe Cattin},
   title = {Image Restoration: Introduction to Signal and Image Processing},
   note = {MIAC, University of Basel},
   type = {Unpublished}
}
